@misc{qp,
      title={Multiple Imputation: A Review of Practical and Theoretical Findings}, 
      author={Jared S. Murray},
      year={2018},
      eprint={1801.04058},
      archivePrefix={arXiv},
      primaryClass={stat.ME},
      url={https://arxiv.org/abs/1801.04058}, 
}

@book{rubin,
	author = {Donald B. Rubin},
	date-added = {2025-03-31 13:46:45 -0700},
	date-modified = {2025-03-31 13:47:54 -0700},
	publisher = {John Wiley \& Sons},
	series = {Wiley Series in Probability and Statistics},
	title = {Multiple Imputation for Nonresponse in Surveys},
	year = {1987}}


@article{meng,
	author = {Xiao-Li Meng},
	date-modified = {2025-04-01 01:38:47 -0700},
	doi = {10.1214/ss/1177010269},
	journal = {Statistical Science},
	number = {4},
	pages = {538 -- 558},
	publisher = {Institute of Mathematical Statistics},
	title = {Multiple-Imputation Inferences with Uncongenial Sources of Input},
	url = {https://doi.org/10.1214/ss/1177010269},
	volume = {9},
	year = {1994},
	bdsk-url-1 = {https://doi.org/10.1214/ss/1177010269}}

